<?xml version="1.0" encoding="UTF-8"?><record xmlns="http://www.loc.gov/MARC21/slim" xmlns:cinclude="http://apache.org/cocoon/include/1.0" xmlns:zs="http://www.loc.gov/zing/srw/">
  <leader>00487nz  a2200121n  4500</leader>
  <controlfield tag="001">nr2005028278</controlfield>
  <controlfield tag="003">DLC</controlfield>
  <controlfield tag="005">20051208033106.0</controlfield>
  <controlfield tag="008">051123n| acannaabn          |n aaa     c</controlfield>
  <datafield tag="010" ind1=" " ind2=" ">
    <subfield code="a">nr2005028278</subfield>
  </datafield>
  <datafield tag="040" ind1=" " ind2=" ">
    <subfield code="a">NN</subfield>
    <subfield code="b">eng</subfield>
    <subfield code="c">NN</subfield>
  </datafield>
  <datafield tag="100" ind1="1" ind2=" ">
    <subfield code="a">Hillman, Ethel Reddick</subfield>
  </datafield>
  <datafield tag="670" ind1=" " ind2=" ">
    <subfield code="a">Hillman family papers, 1905-1995:</subfield>
    <subfield code="b">(Ethel Riddick Hillman and her husband George Abraham Hillman, Hillman Brothers' parents, were a vaudeville, song, dance, and comedy team performing around the turn of the century and later)</subfield>
  </datafield>
</record>